@article{lobell2011climate,
  title={Climate trends and global crop production since 1980},
  author={Lobell, David B and Schlenker, Wolfram and Costa-Roberts, Justin},
  journal={Science},
  volume={333},
  number={6042},
  pages={616--620},
  year={2011},
  publisher={American Association for the Advancement of Science}
}

@article{rosenzweig2014assessing,
  title={Assessing agricultural risks of climate change in the 21st century in a global gridded crop model intercomparison},
  author={Rosenzweig, Cynthia and Elliott, Joshua and Deryng, Delphine and Ruane, Alex C and M{\"u}ller, Christoph and Arneth, Almut and Boote, Kenneth J and Folberth, Christian and Glotter, Michael and Khabarov, Nikolay and others},
  journal={Proceedings of the National Academy of Sciences},
  volume={111},
  number={9},
  pages={3268--3273},
  year={2014},
  publisher={National Acad Sciences}
}

@article{challinor2014meta,
  title={A meta-analysis of crop yield under climate change and adaptation},
  author={Challinor, Andrew J and Watson, James and Lobell, David B and Howden, S Mark and Smith, Daniel R and Chhetri, Netra},
  journal={Nature Climate Change},
  volume={4},
  number={4},
  pages={287--291},
  year={2014},
  publisher={Nature Publishing Group}
}