@article{fama1970efficient,
  title={Efficient capital markets: A review of theory and empirical work},
  author={Fama, Eugene F},
  journal={The journal of Finance},
  volume={25},
  number={2},
  pages={383--417},
  year={1970},
  publisher={JSTOR}
}

@article{baker2007investor,
  title={Investor sentiment in the stock market},
  author={Baker, Malcolm and Wurgler, Jeffrey},
  journal={Journal of economic perspectives},
  volume={21},
  number={2},
  pages={129--152},
  year={2007}
}

@article{bollen2011twitter,
  title={Twitter mood predicts the stock market},
  author={Bollen, Johan and Mao, Huina and Zeng, Xiaojun},
  journal={Journal of computational science},
  volume={2},
  number={1},
  pages={1--8},
  year={2011},
  publisher={Elsevier}
}

@article{poon2003forecasting,
  title={Forecasting volatility in financial markets: A review},
  author={Poon, Ser-Huang and Granger, Clive WJ},
  journal={Journal of economic literature},
  volume={41},
  number={2},
  pages={478--539},
  year={2003}
}