@article{McCaffrey2018,
  title={The economics of Game of Thrones},
  author={McCaffrey, Matthew},
  journal={The Independent Review},
  volume={22},
  number={4},
  pages={593--605},
  year={2018},
  publisher={Independent Institute}
}

@book{Graeber2011,
  title={Debt: The first 5000 years},
  author={Graeber, David},
  year={2011},
  publisher={Melville House}
}

@article{Hudson2017,
  title={Winter is Coming: The Medieval World of Game of Thrones},
  author={Hudson, John},
  journal={History Today},
  volume={67},
  number={7},
  year={2017}
}