@article{lusardi2014economic,
  title={The economic importance of financial literacy: Theory and evidence},
  author={Lusardi, Annamaria and Mitchell, Olivia S},
  journal={Journal of economic literature},
  volume={52},
  number={1},
  pages={5--44},
  year={2014},
  publisher={American Economic Association}
}

@article{klapper2015financial,
  title={Financial literacy around the world: insights from the Standard & Poor's ratings services global financial literacy survey},
  author={Klapper, Leora and Lusardi, Annamaria and Van Oudheusden, Peter},
  journal={World Bank},
  year={2015}
}

@article{fernandes2014financial,
  title={Financial literacy, financial education, and downstream financial behaviors},
  author={Fernandes, Daniel and Lynch Jr, John G and Netemeyer, Richard G},
  journal={Management Science},
  volume={60},
  number={8},
  pages={1861--1883},
  year={2014},
  publisher={INFORMS}
}

@article{kaiser2017does,
  title={Does financial education impact financial literacy and financial behavior, and if so, when?},
  author={Kaiser, Tim and Menkhoff, Lukas},
  journal={The World Bank Economic Review},
  volume={31},
  number={3},
  pages={611--630},
  year={2017},
  publisher={Oxford University Press}
}