@book{Saadia2016,
title={Trekonomics: The Economics of Star Trek},
author={Saadia, Manu},
year={2016},
publisher={Pipertext}
}

@article{Margolis1998,
title={Star Trek: Where No Economy Has Gone Before},
author={Margolis, Howard},
journal={Reason},
volume={30},
number={5},
pages={58},
year={1998}
}

@book{Krauss2007,
title={The Physics of Star Trek},
author={Krauss, Lawrence M},
year={2007},
publisher={Basic Books}
}

