@book{alberti2004leaving,
  title={Leaving Springfield: The Simpsons and the Possibility of Oppositional Culture},
  author={Alberti, John},
  year={2004},
  publisher={Wayne State University Press}
}

@article{scanlan2013simpsons,
  title={The Simpsons and the economy},
  author={Scanlan, Stephen J and Feinberg, Seth L},
  journal={The Simpsons in the classroom: Embiggening the learning experience with the wisdom of Springfield},
  pages={116--130},
  year={2013},
  publisher={McFarland}
}