@article{brynjolfsson2017artificial,
  title={Artificial intelligence and the modern productivity paradox: A clash of expectations and statistics},
  author={Brynjolfsson, Erik and Rock, Daniel and Syverson, Chad},
  journal={National Bureau of Economic Research},
  year={2017},
  publisher={National Bureau of Economic Research}
}

@article{ghobakhloo2020industry,
  title={Industry 4.0, digitization, and opportunities for sustainability},
  author={Ghobakhloo, Morteza},
  journal={Journal of Cleaner Production},
  volume={252},
  pages={119869},
  year={2020},
  publisher={Elsevier}
}

@article{ayyagari2011small,
  title={Small vs. young firms across the world: contribution to employment, job creation, and growth},
  author={Ayyagari, Meghana and Demirguc-Kunt, Asli and Maksimovic, Vojislav},
  journal={World Bank Policy Research Working Paper},
  number={5631},
  year={2011}
}

@article{neirotti2018digital,
  title={Digital capabilities and the performance of small and medium-sized enterprises: The mediating role of productivity},
  author={Neirotti, Paolo and Raguseo, Elisabetta and Paolucci, Emilio},
  journal={Information & Management},
  volume={55},
  number={7},
  pages={871--885},
  year={2018},
  publisher={Elsevier}
}