@book{Irwin2002,
  title={The Matrix and philosophy: Welcome to the desert of the real},
  author={Irwin, William},
  year={2002},
  publisher={Open Court}
}

@article{Chalmers2005,
  title={The matrix as metaphysics},
  author={Chalmers, David J},
  journal={Science fiction and philosophy: From time travel to superintelligence},
  pages={36--53},
  year={2005},
  publisher={Wiley-Blackwell}
}

@book{Yeffeth2003,
  title={Taking the red pill: Science, philosophy and the religion in the Matrix},
  author={Yeffeth, Glenn},
  year={2003},
  publisher={BenBella Books}
}