@book{Castronova2005,
title={Synthetic worlds: The business and culture of online games},
author={Castronova, Edward},
year={2005},
publisher={University of Chicago Press}
}

@book{Dibbell2006,
title={Play money: Or, how I quit my day job and made millions trading virtual loot},
author={Dibbell, Julian},
year={2006},
publisher={Basic Books}
}

@article{Castronova2008,
title={A test of the law of demand in a virtual world: Exploring the petri dish approach to social science},
author={Castronova, Edward},
journal={CESifo Working Paper Series},
year={2008}
}

@article{Heeks2009,
title={Understanding "gold farming" and real-money trading as the intersection of real and virtual economies},
author={Heeks, Richard},
journal={Journal of Virtual Worlds Research},
volume={2},
number={4},
year={2009}
}