@article{smith2021,
    author = {Smith, John},
    title = {A Comprehensive Study on Data Analysis Techniques},
    journal = {Journal of Data Science},
    year = {2021},
    volume = {10},
    number = {2},
    pages = {100-120},
    doi = {10.1234/jds.2021.12345},
    url = {https://doi.org/10.1234/jds.2021.12345}
}
@article{doe2021,
    author = {Doe, Jane},
    title = {Advancements in Machine Learning Algorithms},
    journal = {International Journal of Artificial Intelligence},
    year = {2021},
    volume = {5},
    number = {3},
    pages = {50-65},
    doi = {10.5678/ijai.2021.67890},
    url = {https://doi.org/10.5678/ijai.2021.67890}
}