@article{coleman1988social,
  title={Social capital in the creation of human capital},
  author={Coleman, James S},
  journal={American journal of sociology},
  volume={94},
  pages={S95--S120},
  year={1988},
  publisher={University of Chicago Press}
}

@book{kolb1984experiential,
  title={Experiential learning: Experience as the source of learning and development},
  author={Kolb, David A},
  year={1984},
  publisher={Prentice-Hall}
}

@article{martin2013academic,
  title={Academic resilience and its psychological and educational correlates: A construct validity approach},
  author={Martin, Andrew J and Marsh, Herbert W},
  journal={Psychology in the Schools},
  volume={50},
  number={3},
  pages={283--305},
  year={2013},
  publisher={Wiley Online Library}
}